@inproceedings{yao2023react,
  title={ReAct: Synergizing Reasoning and Acting in Language Models},
  author={Yao, Shunyu and Zhao, Jeffrey and Yu, Dian and Du, Nan and Shafran, Izhak and Narasimhan, Karthik and Cao, Yuan},
  booktitle={International Conference on Learning Representations (ICLR)},
  year={2023},
  url={https://arxiv.org/abs/2210.03629}
}

@article{shinn2023reflexion,
  title={Reflexion: Language Agents with Verbal Reinforcement Learning},
  author={Shinn, Noah and Cassano, Francesco and Labash, Eric and Rumshisky, Anna},
  journal={arXiv preprint arXiv:2303.11366},
  year={2023},
  url={https://arxiv.org/abs/2303.11366}
}

@article{wang2023voyager,
  title={Voyager: An Open-Ended Embodied Agent with Large Language Models},
  author={Wang, Guanzhi and Ren, Yi and Wu, Ziyu and Yu, Weiyu and Gao, Tianle and Li, Yifan and others},
  journal={arXiv preprint arXiv:2305.16291},
  year={2023},
  url={https://arxiv.org/abs/2305.16291}
}

@article{torant2023autogpt,
  title={AutoGPT: An Autonomous GPT-4 Experiment},
  author={Toran, Torant and Significant Gravitas},
  journal={GitHub Repository},
  year={2023},
  url={https://github.com/Torant/Auto-GPT}
}

@inproceedings{zhu2023llm,
  title={Large Language Model Agents: A Survey},
  author={Zhu, Qingyun and Chen, Weiran and Tang, Yizhou and Zhao, Wayne Xin and Wen, Ji-Rong},
  booktitle={arXiv preprint arXiv:2312.01898},
  year={2023},
  url={https://arxiv.org/abs/2312.01898}
}

@article{wang2024survey,
  title={A Survey on Memory-Augmented Large Language Model Agents},
  author={Wang, Yuhan and Zhang, Hanze and Liu, Zhiyuan},
  journal={arXiv preprint arXiv:2404.02151},
  year={2024},
  url={https://arxiv.org/abs/2404.02151}
}

@article{franklin1997agents,
  title={Autonomous Agents and Multi-Agent Systems: A Definition and Survey},
  author={Franklin, Stan and Graesser, Art},
  journal={Autonomous Agents and Multi-Agent Systems},
  volume={1},
  number={1},
  pages={39--52},
  year={1997}
}

@book{russell2021aima,
  title={Artificial Intelligence: A Modern Approach},
  author={Russell, Stuart and Norvig, Peter},
  edition={4},
  year={2021},
  publisher={Pearson}
}
